<record><leader>00000cas a22000007a 4500</leader><controlfield tag="001">18066731</controlfield><controlfield tag="008">880610d18uu19uutxuwr ne      0    0eng d</controlfield><datafield ind1=" " ind2=" " tag="010"><subfield code="a">sn 88083708 </subfield></datafield><datafield ind1=" " ind2=" " tag="040"><subfield code="a">PPM</subfield><subfield code="b">eng</subfield><subfield code="c">PPM</subfield><subfield code="d">OCLCQ</subfield></datafield><datafield ind1=" " ind2=" " tag="042"><subfield code="a">msc</subfield></datafield><datafield ind1="0" ind2=" " tag="130"><subfield code="a">State herald (Mexia, Tex.)</subfield></datafield><datafield ind1="1" ind2="4" tag="245"><subfield code="a">The state herald.</subfield></datafield><datafield ind1=" " ind2=" " tag="260"><subfield code="a">Mexia, Tex. :</subfield><subfield code="b">Herald Print. Co.</subfield></datafield><datafield ind1=" " ind2=" " tag="310"><subfield code="a">Weekly</subfield></datafield><datafield ind1=" " ind2=" " tag="588"><subfield code="a">Description based on: Vol. 4, no. 2 (Jan. 9, 1903).</subfield></datafield><datafield ind1=" " ind2=" " tag="752"><subfield code="a">United States</subfield><subfield code="b">Texas</subfield><subfield code="c">Limestone</subfield><subfield code="d">Mexia.</subfield></datafield><datafield ind1="0" ind2="0" tag="785"><subfield code="t">Mexia weekly herald</subfield><subfield code="w">(DLC)sn 87090715</subfield></datafield></record>